@Book{rmarkdown_refbook2018,
    title = {R Markdown: The Definitive Guide},
    author = {Yihui Xie and J.J. Allaire and Garrett Grolemund},
    publisher = {Chapman and Hall/CRC},
    address = {Boca Raton, Florida},
    year = {2018},
    note = {ISBN 9781138359338},
    url = {https://bookdown.org/yihui/rmarkdown},
  }
